<?xml version="1.0" encoding="UTF-8"?><record xmlns="http://www.loc.gov/MARC21/slim" xmlns:cinclude="http://apache.org/cocoon/include/1.0" xmlns:zs="http://www.loc.gov/zing/srw/">
  <leader>00588cz  a2200157n  4500</leader>
  <controlfield tag="001">no 98085622 </controlfield>
  <controlfield tag="003">DLC</controlfield>
  <controlfield tag="005">20150605073840.0</controlfield>
  <controlfield tag="008">980515n| azannaabn          |n aaa     c</controlfield>
  <datafield tag="010" ind1=" " ind2=" ">
    <subfield code="a">no 98085622 </subfield>
  </datafield>
  <datafield tag="035" ind1=" " ind2=" ">
    <subfield code="a">(OCoLC)oca04730502</subfield>
  </datafield>
  <datafield tag="040" ind1=" " ind2=" ">
    <subfield code="a">InU</subfield>
    <subfield code="b">eng</subfield>
    <subfield code="e">rda</subfield>
    <subfield code="c">InU</subfield>
    <subfield code="d">DNLM</subfield>
  </datafield>
  <datafield tag="100" ind1="1" ind2=" ">
    <subfield code="a">Espelage, Dorothy L.</subfield>
    <subfield code="q">(Dorothy Lynn)</subfield>
  </datafield>
  <datafield tag="378" ind1=" " ind2=" ">
    <subfield code="q">Dorothy Lynn</subfield>
  </datafield>
  <datafield tag="670" ind1=" " ind2=" ">
    <subfield code="a">Comparing social competence in women with and without eating disorders using a behavior-analytic approach, 1997</subfield>
    <subfield code="b">(Dorothy L. Espelage)</subfield>
  </datafield>
  <datafield tag="670" ind1=" " ind2=" ">
    <subfield code="a">Ind. Univ. Grad. School official graduation list, Oct. 1997</subfield>
    <subfield code="b">(Dorothy Lynn Espelage)</subfield>
  </datafield>
</record>